%% This BibTeX bibliography file was created using BibDesk.
%% http://bibdesk.sourceforge.net/


%% Created for Hannah Pruse at 2015-03-11 12:08:56 -0700 


%% Saved with string encoding Unicode (UTF-8) 


@article{josephson1987,
  title={Television violence and children's aggression: testing the priming, social script, and disinhibition predictions.},
  author={Josephson, Wendy L},
  journal={Journal of personality and social psychology},
  volume={53},
  number={5},
  pages={882},
  year={1987},
  publisher={American Psychological Association}
}



@article{bjorkqvist1985,
	Author = {Bjorkqvist, K.},
	Date-Added = {2015-03-11 19:07:28 +0000},
	Date-Modified = {2015-03-11 19:08:51 +0000},
	Journal = {Finnish Society of Sciences and Letters.},
	Title = {Violent films, anxiety, and aggression},
	Year = {1985}}

@periodical{makuch2013,
	Author = {Eddie Makuch},
	Date-Added = {2015-03-09 17:47:53 +0000},
	Date-Modified = {2015-03-09 17:48:36 +0000},
	Journal = {GameSpot},
	Note = {http://www.gamespot.com/articles/former-fbi-profiler-says-games-do-not-cause-violence/1100-6404409/},
	Title = {Former FBI profiler says games do not cause violence},
	Year = {2013}}

@article{cohen1995,
	Author = {Cohen, Julie E},
	Journal = {Conn. L. Rev.},
	Pages = {981},
	Publisher = {HeinOnline},
	Title = {Right to Read Anonymously: A Closer Look at Copyright Management in Cyberspace, A},
	Volume = {28},
	Year = {1995}}

@article{markey2014,
	Author = {Markey, Patrick M and Markey, Charlotte N and French, Juliana E},
	Publisher = {Educational Publishing Foundation},
	Title = {Violent Video Games and Real-World Violence: Rhetoric Versus Data.},
	Year = {2014}}

@article{ferguson2008,
	Author = {Ferguson, Christopher J},
	Journal = {Journal of Investigative Psychology and Offender Profiling},
	Number = {1-2},
	Pages = {25--37},
	Publisher = {Wiley Online Library},
	Title = {The school shooting/violent video game link: causal relationship or moral panic?},
	Volume = {5},
	Year = {2008}}

@periodical{yerli,
	Author = {Devin Coldewey},
	Date-Added = {2015-03-04 23:02:07 +0000},
	Date-Modified = {2015-03-04 23:04:35 +0000},
	Journal = {Tech Crunch},
	Note = {http://techcrunch.com/2009/08/05/crytek-will-abandon-ship-if-germany-bans-action-games/},
	Title = {Crytek will abandon ship if Germany bans action games},
	Year = {2009}}

@misc{usk,
	Date-Added = {2015-03-03 19:00:14 +0000},
	Date-Modified = {2015-03-03 19:00:55 +0000},
	Note = {http://www.usk.de/en/},
	Title = {{USK Unterhaltungssoftware Selbstkontrolle}}}

@misc{pegi,
	Date-Added = {2015-03-03 19:00:14 +0000},
	Date-Modified = {2015-03-03 19:00:55 +0000},
	Note = {http://www.pegi.info/en/index/},
	Title = {{PEGI - Pan European Game Information}}}

@article{anderson2003,
	Author = {Anderson, Craig A. and Berkowitz, Leonard and Donnerstein, Edward andHuesmann, L. Rowell and Johnson, James D. and Linz, Daniel and Malamuth, Neil M. and Wartella, Ellen},
	Date-Added = {2015-02-13 20:54:44 +0000},
	Date-Modified = {2015-02-13 20:56:54 +0000},
	Journal = {Psychological Science in the Public Interest},
	Month = {December},
	Number = {3},
	Pages = {81 - 110},
	Title = {The influence of media violence on youth},
	Volume = {4},
	Year = {2003}}

@article{gentile2004,
	Author = {Gentile, Douglas A. and Lynch, Paul J. and Linder, Jennifer Ruh and Walsh, David A.},
	Date-Added = {2015-02-13 20:52:40 +0000},
	Date-Modified = {2015-02-13 20:54:18 +0000},
	Journal = {Journal of Adolescence},
	Pages = {5-22},
	Title = {The effects of violen video game habits on adolescent hostility, aggressive behaviors, and school performance},
	Volume = {27},
	Year = {2004}}

@article{barlett2009,
	Author = {Barlett, Christopher P. and Anderson, Craig A. and Swing, Edward L.},
	Date-Added = {2015-02-13 20:50:51 +0000},
	Date-Modified = {2015-02-13 21:01:00 +0000},
	Journal = {Simulation and Gaming},
	Month = {June},
	Number = {3},
	Pages = {377 - 403},
	Title = {Video Game Effects -- Confirmed, Suspected, and Speculative: A Review of Evidence},
	Volume = {40},
	Year = {2009}}

@article{ferguson2013,
	Author = {Ferguson, Christopher J.},
	Date-Added = {2015-02-10 22:04:06 +0000},
	Date-Modified = {2015-02-18 01:59:18 +0000},
	Journal = {American Psychologist},
	Pages = {57 - 74},
	Title = {Violent Video Games and the Supreme Court: Lessons for the Scientific Community in the Wake of Brown v. Entertainment Merchants Association},
	Year = {2013}}

@article{chakraborty2015,
	Author = {Chakraborty, Joyram and Chakraborty, Nirali M.},
	Date-Added = {2015-02-10 21:42:39 +0000},
	Date-Modified = {2015-02-10 21:52:50 +0000},
	Journal = {ACM Interactions},
	Month = {January},
	Pages = {64-67},
	Title = {Public Policy and Violence in Video Games},
	Year = {2015}}
